@BOOK{Test,
  AUTHOR = {A. A. Author and B. B. Author},
  DATE   = {2014}
}

@article{ParticleDataGroup:2024cfk,
    author = "Navas, S. and others",
    collaboration = "Particle Data Group",
    title = "{Review of particle physics}",
    doi = "10.1103/PhysRevD.110.030001",
    journal = "Phys. Rev. D",
    volume = "110",
    number = "3",
    pages = "030001",
    year = "2024"
}

@misc{GitHub,
  author       = {Lucien Darian KÃ¤ser},
  title        = {Simulation and Analysis of Pion and Muon Decay},
  year         = {2025},
  howpublished = {\url{https://github.com/kingspoof/PHY241}},
  note         = {Accessed: 2025-05-11}
}